<marc:collection xmlns:marc="http://www.loc.gov/MARC21/slim" xmlns:xsi="http://www.w3.org/2001/XMLSchema-instance" xsi:schemaLocation="http://www.loc.gov/MARC21/slim http://www.loc.gov/standards/marcxml/schema/MARC21slim.xsd">
    <marc:record type="Bibliographic">
        <marc:leader>01630cem a2200361 a 4500</marc:leader>
        <marc:controlfield tag="001">6473170</marc:controlfield>
        <marc:controlfield tag="005">20121022141648.0</marc:controlfield>
        <marc:controlfield tag="007">aj canzn</marc:controlfield>
        <marc:controlfield tag="008">110317s1639    ne i      a     0   fre d</marc:controlfield>
        <marc:datafield tag="040" ind1=" " ind2=" ">
            <marc:subfield code="a">NjP</marc:subfield>
            <marc:subfield code="c">NjP</marc:subfield>
        </marc:datafield>
        <marc:datafield tag="034" ind1="1" ind2=" ">
            <marc:subfield code="a">a</marc:subfield>
            <marc:subfield code="b">5500000</marc:subfield>
            <marc:subfield code="d">-065.000000</marc:subfield>
            <marc:subfield code="e">-046.000000</marc:subfield>
            <marc:subfield code="f">012.000000</marc:subfield>
            <marc:subfield code="g">-005.000000</marc:subfield>
        </marc:datafield>
        <marc:datafield tag="043" ind1=" " ind2=" ">
            <marc:subfield code="a">s-gy---</marc:subfield>
        </marc:datafield>
        <marc:datafield tag="100" ind1="1" ind2=" ">
            <marc:subfield code="a">Hondius, Hendrik,</marc:subfield>
            <marc:subfield code="d">1597-1651.</marc:subfield>
        </marc:datafield>
        <marc:datafield tag="245" ind1="1" ind2="0">
            <marc:subfield code="a">Guiana siue Amazonum regio</marc:subfield>
            <marc:subfield code="h">[map].</marc:subfield>
        </marc:datafield>
        <marc:datafield tag="246" ind1="3" ind2=" ">
            <marc:subfield code="a">Gviana siue Amazonvm regio</marc:subfield>
        </marc:datafield>
        <marc:datafield tag="246" ind1="3" ind2=" ">
            <marc:subfield code="a">Gviana sive Amazonvm regio</marc:subfield>
        </marc:datafield>
        <marc:datafield tag="255" ind1=" " ind2=" ">
            <marc:subfield code="a">Scale [ca. 1:5,500,000]</marc:subfield>
            <marc:subfield code="c">(W 65⁰00ʹ00ʺ--W 46⁰00ʹ00ʺ/N 12⁰00ʹ00ʺ--S 5⁰00ʹ00ʺ).</marc:subfield>
        </marc:datafield>
        <marc:datafield tag="260" ind1=" " ind2=" ">
            <marc:subfield code="a">Amstelodami :</marc:subfield>
            <marc:subfield code="b">Henricus Hondius excudit,</marc:subfield>
            <marc:subfield code="c">[1639?]</marc:subfield>
        </marc:datafield>
        <marc:datafield tag="300" ind1=" " ind2=" ">
            <marc:subfield code="a">1 map :</marc:subfield>
            <marc:subfield code="b">hand col. ;</marc:subfield>
            <marc:subfield code="c">35 x 47 cm.</marc:subfield>
        </marc:datafield>
        <marc:datafield tag="500" ind1=" " ind2=" ">
            <marc:subfield code="a">Relief shown pictorially.</marc:subfield>
        </marc:datafield>
        <marc:datafield tag="500" ind1=" " ind2=" ">
            <marc:subfield code="a">Bar scales in "Milliaria Germanica communia" and "Milliaria Gallica communia."</marc:subfield>
        </marc:datafield>
        <marc:datafield tag="500" ind1=" " ind2=" ">
            <marc:subfield code="a">In French on verso, with caption title "Description de Guyane ou de la region des Amazones" and signature Vvvvvvvv.</marc:subfield>
        </marc:datafield>
        <marc:datafield tag="500" ind1=" " ind2=" ">
            <marc:subfield code="a">From: Hondius. Nouvel atlas, 1639, 1640, 1641, or 1642.</marc:subfield>
        </marc:datafield>
        <marc:datafield tag="500" ind1=" " ind2=" ">
            <marc:subfield code="a">Historic Maps copy 2 is uncolored.</marc:subfield>
            <marc:subfield code="5">NjP</marc:subfield>
        </marc:datafield>
        <marc:datafield tag="541" ind1=" " ind2=" ">
            <marc:subfield code="a">Historic Maps copies are gift of Robert A. McCabe, Princeton class of 1956.</marc:subfield>
            <marc:subfield code="5">NjP</marc:subfield>
        </marc:datafield>
        <marc:datafield tag="651" ind1=" " ind2="0">
            <marc:subfield code="a">Guiana</marc:subfield>
            <marc:subfield code="v">Maps</marc:subfield>
            <marc:subfield code="v">Early works to 1800.</marc:subfield>
        </marc:datafield>
        <marc:datafield tag="655" ind1=" " ind2="7">
            <marc:subfield code="a">Maps</marc:subfield>
            <marc:subfield code="z">Guiana</marc:subfield>
            <marc:subfield code="y">1639.</marc:subfield>
            <marc:subfield code="2">aat</marc:subfield>
        </marc:datafield>
        <marc:datafield tag="700" ind1="1" ind2=" ">
            <marc:subfield code="a">Hondius, Hendrik,</marc:subfield>
            <marc:subfield code="d">1597-1651.</marc:subfield>
            <marc:subfield code="t">Nouvel atlas.</marc:subfield>
        </marc:datafield>
        <marc:datafield tag="700" ind1="1" ind2=" ">
            <marc:subfield code="a">McCabe, Robert A.,</marc:subfield>
            <marc:subfield code="d">1934- ,</marc:subfield>
            <marc:subfield code="e">donor.</marc:subfield>
            <marc:subfield code="5">NjP</marc:subfield>
        </marc:datafield>
        <marc:datafield tag="856" ind1="4" ind2="1">
            <marc:subfield code="z">See the map (copy 1)</marc:subfield>
            <marc:subfield code="u">http://gisserver.princeton.edu/map/26093</marc:subfield>
        </marc:datafield>
        <marc:datafield tag="856" ind1="4" ind2="1">
            <marc:subfield code="z">See the map (copy 2)</marc:subfield>
            <marc:subfield code="u">http://gisserver.princeton.edu/map/26094</marc:subfield>
        </marc:datafield>
        <marc:datafield tag="904" ind1=" " ind2=" ">
            <marc:subfield code="a">gls</marc:subfield>
            <marc:subfield code="b">g</marc:subfield>
            <marc:subfield code="h">m</marc:subfield>
            <marc:subfield code="c">p</marc:subfield>
            <marc:subfield code="e">20110317</marc:subfield>
        </marc:datafield>
        <marc:datafield tag="902" ind1=" " ind2=" ">
            <marc:subfield code="a">gls</marc:subfield>
            <marc:subfield code="b">o</marc:subfield>
            <marc:subfield code="6">e</marc:subfield>
            <marc:subfield code="7">m</marc:subfield>
            <marc:subfield code="d">v</marc:subfield>
            <marc:subfield code="f">2</marc:subfield>
            <marc:subfield code="e">20110321</marc:subfield>
        </marc:datafield>
    </marc:record>
    <marc:record type="Holdings">
        <marc:leader>00174cx  a22000851  4500</marc:leader>
        <marc:controlfield tag="001">6451689</marc:controlfield>
        <marc:controlfield tag="004">6473170</marc:controlfield>
        <marc:controlfield tag="005">20110321120838.0</marc:controlfield>
        <marc:controlfield tag="008">1103174u    8   1001uu   0901128</marc:controlfield>
        <marc:datafield tag="852" ind1="0" ind2=" ">
            <marc:subfield code="b">map</marc:subfield>
            <marc:subfield code="t">2</marc:subfield>
            <marc:subfield code="h">HMC01.925</marc:subfield>
        </marc:datafield>
    </marc:record>
    <marc:record type="Holdings">
        <marc:leader>00171cx  a22000851  4500</marc:leader>
        <marc:controlfield tag="001">6452822</marc:controlfield>
        <marc:controlfield tag="004">6473170</marc:controlfield>
        <marc:controlfield tag="005">20110321120825.0</marc:controlfield>
        <marc:controlfield tag="008">1103214u    8   1001uu   0901128</marc:controlfield>
        <marc:datafield tag="852" ind1="0" ind2=" ">
            <marc:subfield code="b">map</marc:subfield>
            <marc:subfield code="h">HMC01.929</marc:subfield>
        </marc:datafield>
    </marc:record>
    <marc:record type="Holdings">
        <marc:leader>00182nx  a22000854  4500</marc:leader>
        <marc:controlfield tag="001">7321393</marc:controlfield>
        <marc:controlfield tag="004">6473170</marc:controlfield>
        <marc:controlfield tag="005">20130514082839.0</marc:controlfield>
        <marc:controlfield tag="008">1305144u    8   1001uu   0901128</marc:controlfield>
        <marc:datafield tag="852" ind1="8" ind2=" ">
            <marc:subfield code="b">elf1</marc:subfield>
            <marc:subfield code="h">Electronic Resource</marc:subfield>
        </marc:datafield>
    </marc:record>
</marc:collection>
